% Encoding: UTF-8

@Misc{mqtt_spec,
  author = {Andrew Banks and Rahul Gupta},
  title  = {MQTT Version 3.1.1 - Specification},
  month  = oct,
  year   = {2014},
  url    = {https://docs.oasis-open.org/mqtt/mqtt/v3.1.1/os/mqtt-v3.1.1-os.html},
}

@Comment{jabref-meta: databaseType:bibtex;}
